@book{hawking2010nature,
  title={The nature of space and time},
  author={Hawking, Stephen and Penrose, Roger},
  volume={40},
  year={2010},
  publisher={Princeton University Press}
}

@article{stromberg2014get,
  title={‘Get Me Off Your Fucking Mailing List’is an Actual Science Paper Accepted by a Journal’},
  author={Stromberg, Joseph},
  journal={Vox},
  volume={21},
  pages={10--11},
  year={2014}
}